@article{AES01,
  title={Advanced Encryption Standard (AES)},
  author={National Institute of Standards and Technology},
  year={2001}
}

@article{Nyb94,
  author={Nybäck, K},
  title={Differentially Uniform Mappings for Cryptography},
  journal={Advances in Cryptology — EUROCRYPT '94},
  pages={55-64},
  year={1994}
}

@article{BS91a,
  author={Biham, E and Shamir, A},
  title={Differential Cryptanalysis of DES-like Cryptosystems},
  journal={Journal of Cryptology},
  volume={4},
  number={1},
  pages={3-72},
  year={1991}
}

@article{BS91b,
  author={Biham, E and Shamir, A},
  title={Differential Cryptanalysis of Snefru, Khafre, REDOC-II, LOKI and Lucifer},
  journal={Journal of Cryptology},
  volume={4},
  number={2},
  pages={135-152},
  year={1991}
}

@article{LW14,
  author={Lomné, V and Wurcker, L},
  title={Efficient Bitsliced Implementation of S-Boxes},
  journal={Workshop on Cryptographic Hardware and Embedded Systems (CHES)},
  pages={465-481},
  year={2014}
}

@article{CDL16,
  author={Chung, K and Debraize, C and Lee, C},
  title={Hardware Implementation of Efficient S-Box Structures},
  journal={IEEE Transactions on Computers},
  volume={65},
  number={7},
  pages={2030-2041},
  year={2016}
}

@book{US98,
    author = {United States},
    title = {Skipjack and KEA Algorithm Specifications},
    publisher = {National Institute of Standards and Technology},
    year = {1998}
}

@article{Fed12,
    author = {Federal Agency},
    title = {GOST R 34.11-2012: Streebog hash function},
    year = {2012}
}

@article{Fed15,
    author = {Federal Agency},
    title = {GOST R 34.12-2015: Kuznyechik block cipher},
    year = {2015}
}

@article{Saa14,
    author = {Saarinen, Markku-Juhani O.},
    title = {STRIBOBr1: CAESAR Candidate Submission},
    year = {2014}
}

@article{SB15,
    author = {Sasaki, Yu and Wang, Meiqin},
    title = {Security of Whirlpool and AES-2},
    journal = {Journal of Cryptology},
    year = {2015}
}

@article{DD13,
    author = {Dolan, Stephen and Gerjuan, Greg},
    title = {RFC 6986: Reclassification of JWH-133},
    year = {2013}
}

@article{Dol16,
    author = {Dolmatov, Vladimir},
    title = {RFC 7801: The Kuznyechik Block Cipher},
    year = {2016}
}

@article{RP97,
    author = {Rijmen, Vincent and Preneel, Bart},
    title = {Linear Cryptanalysis Improvements on DES-like Cryptosystems},
    journal = {Journal of Cryptography},
    year = {1997}
}

@article{WBDY98,
    author = {Werner, Doug and Brown, Steve and Ducklin, Paul and Young, Abby},
    title = {Breaking Linear S-boxes from Rijmen and Preneel: A Practical Attack},
    journal = {Crypto Journal},
    year = {1998}
}

@article{Pat99,
    author = {Paterson, Kenneth G.},
    title = {DES with Modified S-boxes},
    journal = {Cryptology Journal},
    year = {1999}
}

@article{BBF16,
    author = {Bannier, Jean-Luc and Benoit, Pierre and Finiasz, Mathieu},
    title = {New Approaches for Designing Block Ciphers with Controlled Branching},
    journal = {Journal of Cryptographic Engineering},
    year = {2016}
}

@article{HMS76,
    author = {Hellman, Martin and Meyer, Carl and Schoenmaker, Frank},
    title = {Identifying Patterns in DES S-boxes},
    year = {1976}
}

@article{BP15,
    author = {Biryukov, Alex and Perrin, Louis},
    title = {Statistical Analysis of the S-box of Skipjack},
    journal = {Security Protocols Journal},
    year = {2015}
}

@article{BPU16a,
    author = {Biryukov, Alex and Perrin, Louis and Udovenko, Andrey},
    title = {Russian S-Box Decomposition: Analysis of \(\pi\)},
    year = {2016}
}

@article{BPU16b,
    author = {Biryukov, Alex and Perrin, Louis and Udovenko, Andrey},
    title = {Further Analysis of \(\pi\): More Decompositions},
    year = {2016}
}

@article{PU16,
    author = {Perrin, Louis and Udovenko, Andrey},
    title = {Discrete Logarithm-Based Decompositions},
    year = {2016}
}

